<record><leader>00000cas a22000007a 4500</leader><controlfield tag="001">16935486</controlfield><controlfield tag="008">871104d19011912inudn ne      0    0eng d</controlfield><datafield ind1=" " ind2=" " tag="010"><subfield code="a">sn 87056815 </subfield></datafield><datafield ind1=" " ind2=" " tag="040"><subfield code="a">NPI</subfield><subfield code="b">eng</subfield><subfield code="c">NPI</subfield><subfield code="d">OCLCQ</subfield></datafield><datafield ind1=" " ind2=" " tag="042"><subfield code="a">msc</subfield></datafield><datafield ind1="0" ind2="4" tag="082"><subfield code="a">070</subfield></datafield><datafield ind1="0" ind2="0" tag="245"><subfield code="a">Marion news-tribune.</subfield></datafield><datafield ind1=" " ind2=" " tag="260"><subfield code="a">Marion, Ind. :</subfield><subfield code="b">Tribune Co.,</subfield><subfield code="c">1901-</subfield></datafield><datafield ind1=" " ind2=" " tag="310"><subfield code="a">Daily (except Mon.)</subfield></datafield><datafield ind1="0" ind2=" " tag="362"><subfield code="a">Vol. 8, no. 1 (Nov. 10, 1901)-</subfield></datafield><datafield ind1="1" ind2=" " tag="362"><subfield code="a">Ceased in Apr. 1912.</subfield></datafield><datafield ind1=" " ind2=" " tag="580"><subfield code="a">Also published in a semiweekly ed. called: Semi-weekly news-tribune.</subfield></datafield><datafield ind1=" " ind2=" " tag="588"><subfield code="a">Latest issue consulted: Vol. 8, no. 120 (Mar. 30, 1902)</subfield></datafield><datafield ind1=" " ind2=" " tag="752"><subfield code="a">United States</subfield><subfield code="b">Indiana</subfield><subfield code="c">Grant</subfield><subfield code="d">Marion.</subfield></datafield><datafield ind1="1" ind2=" " tag="775"><subfield code="t">Semi-weekly news-tribune</subfield></datafield><datafield ind1="0" ind2="4" tag="780"><subfield code="t">Morning news (Marion, Ind.)</subfield><subfield code="w">(DLC)sn 87056813</subfield></datafield><datafield ind1="0" ind2="4" tag="780"><subfield code="t">Marion tribune (Marion, Ind.)</subfield><subfield code="w">(DLC)sn 87056814</subfield></datafield><datafield ind1="0" ind2="7" tag="785"><subfield code="t">Marion leader (Marion, Ind. : Daily)</subfield><subfield code="w">(DLC)sn 87055075</subfield></datafield><datafield ind1="0" ind2="7" tag="785"><subfield code="t">Marion leader-tribune</subfield><subfield code="w">(DLC)sn 87055004</subfield></datafield></record>